@article{optimal_whitening,
   title={Optimal Whitening and Decorrelation},
   volume={72},
   ISSN={1537-2731},
   url={https://arxiv.org/abs/1512.00809},
   DOI={10.1080/00031305.2016.1277159},
   number={4},
   journal={The American Statistician},
   publisher={Informa UK Limited},
   author={Kessy, Agnan and Lewin, Alex and Strimmer, Korbinian},
   year={2018},
   month={Jan},
   pages={309â€“314}
}

@book{numerical_c,
  author         = {Press, William H.; Saul A. Teukolsky; William T. Vetterling; Brian P. Flannery},
  editor         = {},
  title          = {Numerical Recipes in C: The Art of Scientific Computing},
  publisher      = {Cambridge University England EPress},
  year           = {1992},
  pages          = {994},
  isbn           = {0-521-43108-5.},
}